@article{hotelling1933pca,
  author  = {Hotelling, Harold},
  title   = {Analysis of a complex of statistical variables into principal components},
  journal = {Journal of Educational Psychology},
  year    = {1933},
  volume  = {24},
  number  = {6},
  pages   = {417--441},
  doi     = {10.1037/h0071325},
  url     = {https://psycnet.apa.org/record/1934-00645-001}
}

@article{golub1965svd,
  author  = {Golub, Gene H. and Kahan, William},
  title   = {Calculating the singular values and pseudo-inverse of a matrix},
  journal = {Journal of the Society for Industrial and Applied Mathematics, Series B: Numerical Analysis},
  year    = {1965},
  volume  = {2},
  number  = {2},
  pages   = {205--224},
  doi     = {10.1137/0702016},
  url     = {https://epubs.siam.org/doi/abs/10.1137/0702016}
}

@article{baglama2005lanczos,
  author  = {Baglama, James and Reichel, Lothar},
  title   = {Augmented implicitly restarted Lanczos bidiagonalization methods},
  journal = {SIAM Journal on Scientific Computing},
  year    = {2005},
  volume  = {27},
  number  = {1},
  pages   = {19--42},
  doi     = {10.1137/04060593X},
  url     = {https://epubs.siam.org/doi/abs/10.1137/04060593X}
}

@article{lecun1998gradient,
  author  = {LeCun, Yann and Bottou, LÃ©on and Bengio, Yoshua and Haffner, Patrick},
  title   = {Gradient-based learning applied to document recognition},
  journal = {Proceedings of the IEEE},
  year    = {1998},
  volume  = {86},
  number  = {11},
  pages   = {2278--2324},
  doi     = {10.1109/5.726791},
  url     = {https://ieeexplore.ieee.org/document/726791}
}

@inproceedings{krizhevsky2012imagenet,
  author    = {Krizhevsky, Alex and Sutskever, Ilya and Hinton, Geoffrey E.},
  title     = {ImageNet classification with deep convolutional neural networks},
  booktitle = {Advances in Neural Information Processing Systems},
  year      = {2012},
  volume    = {25},
  url       = {https://proceedings.neurips.cc/paper/2012/hash/c399862d3b9d6b76c8436e924a68c45b-Abstract.html}
}

@article{tibshirani1996lasso,
  author  = {Tibshirani, Robert},
  title   = {Regression shrinkage and selection via the lasso},
  journal = {Journal of the Royal Statistical Society: Series B (Methodological)},
  year    = {1996},
  volume  = {58},
  number  = {1},
  pages   = {267--288},
  doi     = {10.1111/j.2517-6161.1996.tb02080.x},
  url     = {https://academic.oup.com/jrsssb/article/58/1/267/7027929}
}
